<record><leader>00000cas a2200000 a 4500</leader><controlfield tag="001">9699592</controlfield><controlfield tag="008">830713d18151817nyudn ne      0   a0eng c</controlfield><datafield ind1=" " ind2=" " tag="010"><subfield code="a">sn 83030889 </subfield></datafield><datafield ind1=" " ind2=" " tag="040"><subfield code="a">NPU</subfield><subfield code="b">eng</subfield><subfield code="c">NPU</subfield><subfield code="d">DLC</subfield><subfield code="d">NPX</subfield><subfield code="d">NPA</subfield><subfield code="d">NPX</subfield><subfield code="d">NYG</subfield><subfield code="d">YOX</subfield><subfield code="d">NPA</subfield><subfield code="d">KNP</subfield><subfield code="d">NYS</subfield><subfield code="d">DLC</subfield><subfield code="d">OBN</subfield><subfield code="d">OCL</subfield><subfield code="d">CVF</subfield><subfield code="d">DLC</subfield><subfield code="d">NYS</subfield><subfield code="d">KRTAS</subfield><subfield code="d">OCLCQ</subfield><subfield code="d">OCLCF</subfield><subfield code="d">OCLCO</subfield><subfield code="d">DLC</subfield></datafield><datafield ind1="1" ind2=" " tag="022"><subfield code="a">2574-5468</subfield><subfield code="2">1</subfield></datafield><datafield ind1=" " ind2=" " tag="042"><subfield code="a">pcc</subfield><subfield code="a">nsdp</subfield></datafield><datafield ind1=" " ind2=" " tag="043"><subfield code="a">n-us-ny</subfield></datafield><datafield ind1="0" ind2="0" tag="050"><subfield code="a">Newspaper</subfield></datafield><datafield ind1="0" ind2=" " tag="130"><subfield code="a">Albany daily advertiser (Albany, N.Y. : 1815)</subfield></datafield><datafield ind1=" " ind2="4" tag="222"><subfield code="a">The Albany daily advertiser</subfield></datafield><datafield ind1="1" ind2="4" tag="245"><subfield code="a">The Albany daily advertiser.</subfield></datafield><datafield ind1=" " ind2=" " tag="260"><subfield code="a">Albany :</subfield><subfield code="b">Printed and published by J.W. Walker, for T. Dwight,</subfield><subfield code="c">1815-1817.</subfield></datafield><datafield ind1=" " ind2=" " tag="300"><subfield code="a">v.</subfield></datafield><datafield ind1=" " ind2=" " tag="310"><subfield code="a">Daily (except Sunday)</subfield></datafield><datafield ind1="0" ind2=" " tag="362"><subfield code="a">No. 1 (Sept. 25, 1815)-no. 464 (Mar. 24, 1817).</subfield></datafield><datafield ind1="4" ind2=" " tag="510"><subfield code="a">C.S. Brigham, Early American newspapers</subfield><subfield code="c">p. 532</subfield></datafield><datafield ind1=" " ind2=" " tag="530"><subfield code="a">Also issued in microform from Readex Microprint Corp. as part of the Early American newspapers series.</subfield></datafield><datafield ind1=" " ind2=" " tag="580"><subfield code="a">Semiweekly ed.: Albany advertiser.</subfield></datafield><datafield ind1=" " ind2=" " tag="580"><subfield code="a">Merged with: Albany gazette (Albany, N.Y. : 1784), to become: Albany gazette &amp; daily advertiser.</subfield></datafield><datafield ind1=" " ind2="0" tag="651"><subfield code="a">Albany (N.Y.)</subfield><subfield code="v">Newspapers.</subfield></datafield><datafield ind1=" " ind2="0" tag="651"><subfield code="a">Albany County (N.Y.)</subfield><subfield code="v">Newspapers.</subfield></datafield><datafield ind1=" " ind2="7" tag="651"><subfield code="a">New York (State)</subfield><subfield code="z">Albany.</subfield><subfield code="2">fast</subfield><subfield code="0">(OCoLC)fst01225716</subfield></datafield><datafield ind1=" " ind2="7" tag="651"><subfield code="a">New York (State)</subfield><subfield code="z">Albany County.</subfield><subfield code="2">fast</subfield><subfield code="0">(OCoLC)fst01210357</subfield></datafield><datafield ind1=" " ind2="7" tag="655"><subfield code="a">Newspapers.</subfield><subfield code="2">fast</subfield><subfield code="0">(OCoLC)fst01423814</subfield></datafield><datafield ind1=" " ind2=" " tag="752"><subfield code="a">United States</subfield><subfield code="b">New York</subfield><subfield code="c">Albany</subfield><subfield code="d">Albany.</subfield></datafield><datafield ind1="1" ind2=" " tag="775"><subfield code="t">Albany advertiser</subfield><subfield code="w">(DLC)sn 83030888</subfield><subfield code="w">(OCoLC)9703175</subfield></datafield><datafield ind1="1" ind2="7" tag="785"><subfield code="t">Albany gazette (Albany, N.Y. : 1784)</subfield><subfield code="x">2574-545X</subfield><subfield code="w">(DLC)sn 83030894</subfield><subfield code="w">(OCoLC)2257135</subfield></datafield><datafield ind1="1" ind2="7" tag="785"><subfield code="t">Albany gazette &amp; daily advertiser</subfield><subfield code="x">2574-5476</subfield><subfield code="w">(DLC)sn 83030881</subfield><subfield code="w">(OCoLC)2257136</subfield></datafield><datafield ind1=" " ind2=" " tag="938"><subfield code="a">Kirtas Technologies, Inc.</subfield><subfield code="b">KRTS</subfield><subfield code="n">737076</subfield></datafield><datafield ind1="1" ind2=" " tag="029"><subfield code="a">AU@</subfield><subfield code="b">000020127110</subfield></datafield></record>